@incollection{bib:art:DocumTypes,
  title={Precise documentation: The key to better software},
  author={Parnas, David Lorge},
  booktitle={The future of software engineering},
  pages={125--148},
  year={2010},
  publisher={Springer}
}

@inproceedings{bib:art:JuergensCloneDetect,
  title={Can clone detection support quality assessments of requirements specifications?},
  author={Juergens, Elmar and Deissenboeck, Florian and Feilkas, Martin and Hummel, Benjamin and Schaetz, Bernhard and Wagner, Stefan and Domann, Christoph and Streit, Jonathan},
  booktitle={Proceedings of the 32nd ACM/IEEE International Conference on Software Engineering-Volume 2},
  pages={79--88},
  year={2010}
}

@inproceedings{bib:art:DuplicatesStudy,
  title={Preliminary report on empirical study of repeated fragments in internal documentation},
  author={Porub{\"a}n, Jaroslav and others},
  booktitle={2016 Federated Conference on Computer Science and Information Systems (FedCSIS)},
  pages={1573--1576},
  year={2016},
  organization={IEEE}
}

@article{bib:art:NearDupSurvey,
  title={Near duplicate document detection survey},
  author={Alsulami, Bassma S and Abulkhair, Maysoon F and Eassa, Fathy E},
  journal={International Journal of Computer Science and Communications Networks},
  volume={2},
  number={2},
  pages={147--151},
  year={2012}
}

@inproceedings{bib:tool:Allign,
  title={Allign: Aligning all-pair near-duplicate passages in long texts},
  author={Feng, Weiqi and Deng, Dong},
  booktitle={Proceedings of the 2021 International Conference on Management of Data},
  pages={541--553},
  year={2021}
}

@inproceedings{bib:art:MinHash,
  title={Min-wise independent permutations},
  author={Broder, Andrei Z and Charikar, Moses and Frieze, Alan M and Mitzenmacher, Michael},
  booktitle={Proceedings of the thirtieth annual ACM symposium on Theory of computing},
  pages={327--336},
  year={1998}
}

@inproceedings{bib:tool:SpamDetect,
  title={Application of sim-hash algorithm and big data analysis in spam email detection system},
  author={Ho, Phuc-Tran and Kim, Hee-Sun and Kim, Sung-Ryul},
  booktitle={Proceedings of the 2014 Conference on Research in Adaptive and Convergent Systems},
  pages={242--246},
  year={2014}
}

@inproceedings{bib:art:SimHash,
  title={Similarity estimation techniques from rounding algorithms},
  author={Charikar, Moses S},
  booktitle={Proceedings of the thiry-fourth annual ACM symposium on Theory of computing},
  pages={380--388},
  year={2002}
}

@inproceedings{bib:tool:TxtAling,
  title={TxtAlign: Efficient Near-Duplicate Text Alignment Search via Bottom-k Sketches for Plagiarism Detection},
  author={Wang, Zhizhi and Zuo, Chaoji and Deng, Dong},
  booktitle={Proceedings of the 2022 International Conference on Management of Data},
  pages={1146--1159},
  year={2022}
}

@inproceedings{bib:art:Bottom-sketch,
  title={Summarizing data using bottom-k sketches},
  author={Cohen, Edith and Kaplan, Haim},
  booktitle={Proceedings of the twenty-sixth annual ACM symposium on Principles of distributed computing},
  pages={225--234},
  year={2007}
}

@article{bib:art:SoftwareClonesSurvey,
  title={A survey on software clone detection research},
  author={Roy, Chanchal Kumar and Cordy, James R},
  journal={Queen’s School of Computing TR},
  volume={541},
  number={115},
  pages={64--68},
  year={2007}
}

@article{bib:art:SoftwareClonesReview,
  title={Software clone detection: A systematic review},
  author={Rattan, Dhavleesh and Bhatia, Rajesh and Singh, Maninder},
  journal={Information and Software Technology},
  volume={55},
  number={7},
  pages={1165--1199},
  year={2013}
}

@inproceedings{bib:art:LagueCloneStudy,
  title={Assessing the benefits of incorporating function clone detection in a development process},
  author={Lagu{\"e}, Bruno and Proulx, Daniel and Mayrand, Jean and Merlo, Ettore M and Hudepohl, John},
  booktitle={1997 Proceedings International Conference on Software Maintenance},
  pages={314--321},
  year={1997},
  organization={IEEE}
}

@inproceedings{bib:art:BakerCloneStudy,
  title={On finding duplication and near-duplication in large software systems},
  author={Baker, Brenda S},
  booktitle={Proceedings of 2nd Working Conference on Reverse Engineering},
  pages={86--95},
  year={1995},
  organization={IEEE}
}

@inproceedings{bib:tool:ASTSearch,
  title={Clone detection using abstract syntax trees},
  author={Baxter, Ira D and Yahin, Andrew and Moura, Leonardo and Sant'Anna, Marcelo and Bier, Lorraine},
  booktitle={Proceedings. International Conference on Software Maintenance (Cat. No. 98CB36272)},
  pages={368--377},
  year={1998},
  organization={IEEE}
}

@article{bib:tool:ASTRefactor,
  title={Поиск повторяющихся фрагментов исходного кода при автоматическом рефакторинге},
  author={Зельцер, НГ},
  journal={Труды Института системного программирования РАН},
  volume={25},
  pages={39--50},
  year={2013}
}

@article{bib:art:SuffixTree,
  title={Algorithms on stings, trees, and sequences: Computer science and computational biology},
  author={Gusfield, Dan},
  journal={Acm Sigact News},
  volume={28},
  number={4},
  pages={41--60},
  year={1997}
}

@inproceedings{bib:tool:ASTSuffix,
  title={Clone detection using abstract syntax suffix trees},
  author={Koschke, Rainer and Falke, Raimar and Frenzel, Pierre},
  booktitle={2006 13th Working Conference on Reverse Engineering},
  pages={253--262},
  year={2006},
  organization={IEEE}
}

@inproceedings{bib:tool:DefectDetection,
  title={Search-based duplicate defect detection: An industrial experience},
  author={Amoui, Mehdi and Kaushik, Nilam and Al-Dabbagh, Abraham and Tahvildari, Ladan and Li, Shimin and Liu, Weining},
  booktitle={2013 10th Working Conference on Mining Software Repositories (MSR)},
  pages={173--182},
  year={2013},
  organization={IEEE}
}

@inproceedings{bib:tool:Lucene,
  title={Apache lucene 4},
  author={Bia{\l}ecki, Andrzej and Muir, Robert and Ingersoll, Grant and Imagination, Lucid},
  booktitle={SIGIR 2012 workshop on open source information retrieval},
  pages={17},
  year={2012}
}

@inproceedings{bib:tool:DuplicateBugs,
  title={Automated duplicate bug report classification using subsequence matching},
  author={Banerjee, Sean and Cukic, Bojan and Adjeroh, Donald},
  booktitle={2012 IEEE 14th International Symposium on High-Assurance Systems Engineering},
  pages={74--81},
  year={2012},
  organization={IEEE}
}

@article{bib:art:LCS,
  title={A linear space algorithm for computing maximal common subsequences},
  author={Hirschberg, Daniel S.},
  journal={Communications of the ACM},
  volume={18},
  number={6},
  pages={341--343},
  year={1975}
}

@inproceedings{bib:art:Ngram,
  title={On the resemblance and containment of documents},
  author={Broder, Andrei Z},
  booktitle={Proceedings. Compression and Complexity of SEQUENCES 1997 (Cat. No. 97TB100171)},
  pages={21--29},
  year={1997},
  organization={IEEE}
}

@article{bib:art:NLP,
  title={Natural language processing: an introduction},
  author={Nadkarni, Prakash M and Ohno-Machado, Lucila and Chapman, Wendy W},
  journal={Journal of the American Medical Informatics Association},
  volume={18},
  number={5},
  pages={544--551},
  year={2011}
}

@article{bib:art:Preprocessing,
  title={Preprocessing techniques for text mining-an overview},
  author={Vijayarani, S and Ilamathi, Ms J and Nithya, Ms and others},
  journal={International Journal of Computer Science \& Communication Networks},
  volume={5},
  number={1},
  pages={7--16},
  year={2015}
}

@article{bib:art:NeuralNetworks,
  title={Neural networks and their applications},
  author={Bishop, Chris M},
  journal={Review of scientific instruments},
  volume={65},
  number={6},
  pages={1803--1832},
  year={1994}
}

@inproceedings{bib:tool:NeuroDupDetect,
  title={Duplicate question detection in question answer website using convolutional neural network},
  author={Prabowo, Damar Adi and Herwanto, Guntur Budi},
  booktitle={2019 5th International conference on science and technology (ICST)},
  volume={1},
  pages={1--6},
  year={2019},
  organization={IEEE}
}

@article{bib:tool:word2vec,
  title={Distributed representations of words and phrases and their compositionality},
  author={Mikolov, Tomas and Sutskever, Ilya and Chen, Kai and Corrado, Greg S and Dean, Jeff},
  journal={Advances in neural information processing systems},
  volume={26},
  year={2013}
}

@phdthesis{bib:tool:DuplicateFinder,
  title={Поиск неточных повторов в документации программного обеспечения},
  author={Луцив, Дмитрий Вадимович},
  year={2018},
  school={Диссертация на соискание научной степени кандидата физико-математических наук}
}

@inproceedings{bib:tool:CloneMiner,
  title={Efficient token based clone detection with flexible tokenization},
  author={Basit, Hamid Abdul and Jarzabek, Stan},
  booktitle={Proceedings of the the 6th joint meeting of the European software engineering conference and the ACM SIGSOFT symposium on The foundations of software engineering},
  pages={513--516},
  year={2007}
}

@article{bib:tool:FuzzySearch,
  title={Обнаружение нечётких повторов в форматированных текстах},
  author={Столпнер, Лев Артемович}
}

@article{bib:tool:NgramSearch,
  title={Discovering near duplicate text in software documentation},
  author={Kanteev, LD and Luciv, DV and Koznov, DV and Smirnov, MN and others},
  journal={Труды Института системного программирования РАН},
  volume={29},
  number={4},
  pages={303--314},
  year={2017}
}

@article{bib:tool:ImprovedNgramSearch,
  title={Модель N-грамм для поиска нечетких повторов в «плоских» текстах},
  author={Горгулов, Павел Олегович}
}

@article{bib:art:SuffixArray,
  title={Suffix arrays: a new method for on-line string searches},
  author={Manber, Udi and Myers, Gene},
  journal={siam Journal on Computing},
  volume={22},
  number={5},
  pages={935--948},
  year={1993}
}

@inproceedings{bib:art:LCPArray,
  title={Linear-time longest-common-prefix computation in suffix arrays and its applications},
  author={Landau, Gad M and Kasai, Toru and Lee, Gunho and Arimura, Hiroki and Arikawa, Setsuo and Park, Kunsoo},
  booktitle={Combinatorial Pattern Matching: 12th Annual Symposium, CPM 2001 Jerusalem, Israel, July 1--4, 2001 Proceedings 12},
  pages={181--192},
  year={2001},
  organization={Springer}
}

@inproceedings{bib:art:SkewAlg,
  title={Simple linear work suffix array construction},
  author={K{\"a}rkk{\"a}inen, Juha and Sanders, Peter},
  booktitle={Automata, Languages and Programming: 30th International Colloquium, ICALP 2003 Eindhoven, The Netherlands, June 30--July 4, 2003 Proceedings 30},
  pages={943--955},
  year={2003},
  organization={Springer}
}

@article{bib:art:UkkonenASM,
  title={Algorithms for approximate string matching},
  author={Ukkonen, Esko},
  journal={Information and control},
  volume={64},
  number={1-3},
  pages={100--118},
  year={1985}
}

@inproceedings{bib:art:MD5,
  title={MD5 research},
  author={Yong-Xia, Zhao and Ge, Zhen},
  booktitle={2010 second international conference on multimedia and information technology},
  volume={2},
  pages={271--273},
  year={2010},
  organization={IEEE}
}

@inproceedings{bib:art:MD5vsSHA256,
  title={A comparative study of Message Digest 5 (MD5) and SHA256 algorithm},
  author={Rachmawati, Dian and Tarigan, JT and Ginting, ABC},
  booktitle={Journal of Physics: Conference Series},
  volume={978},
  pages={012116},
  year={2018},
  organization={IOP Publishing}
}